@software{jv,
  author = {Emil Ovcina},
  title = {JolieVisualize},
  url = {https://github.com/EmilOvcina/jolievisualize}
}

@software{vscode-jv, 
  author = {Emil Ovcina},
  title = {Jolie Visualization for Visual Studio Code},
  url = {https://github.com/EmilOvcina/vscode-jolievisualize}
}

@book{microservicepatterns,
  author         = {Chris Richardson},
  publisher      = {Manning},
  title          = {Microservices Patterns},
  year           = {2019}
}

@software{jolie,
    author = {The Jolie Team},
    title = {The service-oriented programming language},
    url  = {https://www.jolie-lang.org/},
}

@book{BigraphBook,
  author       = {Robin Milner},
  title        = {The Space and Motion of Communicating Agents},
  publisher    = {Cambridge University Press},
  year         = {2009},
  isbn         = {978-0-521-73833-0}
}

@book{PatternsForAPIDesign:2022,
  title     = {Patterns for API Design: Simplifying Integration with Loosely Coupled Message Exchanges},
  author    = {Zimmermann, Olaf and Stocker, Mirko and L{\"u}bke, Daniel and Zdun, Uwe and Pautasso, Cesare},
  year      = {2022},
  publisher = {Addison-Wesley Professional},
  series    = {Addison-Wesley Signature Series (Vernon)},
  isbn      = {9780137670109}
}

@article{netflix,
  author          = {Cao Duc Nguyen},
  publisher       = {The Startup},
  year            = {2020},
  url             = {https://medium.com/swlh/a-design-analysis-of-cloud-based-microservices-architecture-at-netflix-98836b2da45f},
}

@article{uber,
  author          = {JIN},
  publisher       = {InterviewNoodle},
  year            = {2021},
  url             = {https://interviewnoodle.com/uber-system-architecture-40201134aaea},
}

@article{optimizingnetflix,
  author          = {Ben Christensen},
  publisher       = {Netflix TechBlog},
  year            = {2013},
  url             = {https://netflixtechblog.com/optimizing-the-netflix-api-5c9ac715cf19},
}

@ARTICLE{4308636,
  author={Sugiyama, Kozo and Tagawa, Shojiro and Toda, Mitsuhiko},
  journal={IEEE Transactions on Systems, Man, and Cybernetics}, 
  title={Methods for Visual Understanding of Hierarchical System Structures}, 
  year={1981},
  volume={11},
  number={2},
  pages={109-125},
  doi={10.1109/TSMC.1981.4308636}}

@software{ELK,
    author = "Eclipse Foundation",
    title = "Eclipse Layout Kernel (ELK)",
    url  = "https://www.eclipse.org/elk/",
}
@software{mermaid,
    author = "Knut Sveidqvist",
    title = "Mermaid | Diagramming and charting tool",
    url  = "https://mermaid.js.org/",
}